@misc{manhattan,
    author= "Wikipedia",
    title = "Taxicab geometry",
    year = "2018",
    url = "https://en.wikipedia.org/wiki/Taxicab_geometry"
}
@misc{chevyshev,
    author= "Wikipedia",
    title = "Chebyshev distance",
    year = "2016",
    url = "https://en.wikipedia.org/wiki/Chebyshev_distance"
}
@misc{levenshtein,
    author= "Wikipedia",
    title = "Levenshtein distance",
    year = "2016",
    url = "https://en.wikipedia.org/wiki/Levenshtein_distance"
}
@misc{tuto,
    author= "Jason Brownlee",
    title = "Tutorial To Implement k-Nearest Neighbors in Python From Scratch",
    year = "2014",
    url = "https://machinelearningmastery.com/tutorial-to-implement-k-nearest-neighbors-in-python-from-scratch/"
}
